@book{book1,
  title     = "Introduction to Plant Diseases",
  author    = "George B. Lucas, C. Lee Campbell, Leon T. Lucas",
  year      = 1992,
  publisher = "Springer New York, NY"
}
@article{art1,
  title={Introduction to plant viruses, the invisible foe},
  author={Gergerich, Rose C and Dolja, Valerian V},
  journal={The plant health instructor},
  volume={478},
  year={2006}
}

@article{art2,
  title={Infectious Plant Diseases: Etiology, Current Status, Problems and Prospects in Plant Protection},
  author={Nazarov, P. A., Baleev, D. N., Ivanova, M. I., Sokolova, L. M., & Karakozova, M. V},
  journal={Acta Naturae},
  volume={12},
  year={2020}
}

@article{art3,
  title={A worldwide survey of tomato yellow leaf curl viruses},
  author={Czosnek, H and Laterrot, H},
  journal={Archives of virology},
  volume={142},
  number={7},
  pages={1391--1406},
  year={1997},
  publisher={Springer}
}

@article{triangle,
  title={Introduction to Plant diseases},
  author={Timmerman, Amy D and Korus, Kevin},
  journal={the board of Regents of the University of Nebraska}
}

@article{art4,
author = {Samuel, Arthur},
year = {2000},
month = {02},
pages = {206 - 226},
title = {Some Studies in Machine Learning Using the Game of Checkers. IIâ€”Recent Progress},
volume = {3},
isbn = {978-1-4613-8718-3},
journal = {IBM Journal of Research and Development},
doi = {10.1147/rd.441.0206}
}

@book{book2,
  title={Introduction to Machine Learning, second edition},
  author={Alpaydin, E.},
  isbn={9780262303262},
  series={Adaptive Computation and Machine Learning series},
  url={https://books.google.dz/books?id=TtrxCwAAQBAJ},
  year={2009},
  publisher={MIT Press}
}
@book{book3,
  title={Data Mining: Concepts and Techniques},
  author={Han, J. and Pei, J. and Kamber, M.},
  isbn={9780123814807},
  lccn={2011010635},
  series={The Morgan Kaufmann Series in Data Management Systems},
  url={https://books.google.dz/books?id=pQws07tdpjoC},
  year={2011},
  publisher={Elsevier Science}
}
@article{art5,
  title={Supervised machine learning: A review of classification techniques},
  author={Kotsiantis, Sotiris B and Zaharakis, Ioannis and Pintelas, P and others},
  journal={Emerging artificial intelligence applications in computer engineering},
  volume={160},
  number={1},
  pages={3--24},
  year={2007},
  publisher={Amsterdam}
}

@article{vapnik,
  title={Statistical learning theory. john wiley\&sons},
  author={Vapnik, Vladimir},
  journal={Inc., New York},
  volume={1},
  year={1998}
}
@book{book5,
  title={Data Mining, Southeast Asia Edition},
  author={Han, J. and Pei, J. and Kamber, M.},
  isbn={9780080475585},
  lccn={2006296324},
  series={The Morgan Kaufmann Series in Data Management Systems},
  url={https://books.google.dz/books?id=AfL0t-YzOrEC},
  year={2006},
  publisher={Elsevier Science}
}
@inproceedings{art6,
  title={SVM classifier based grape leaf disease detection},
  author={Padol, Pranjali B and Yadav, Anjali A},
  booktitle={2016 Conference on advances in signal processing (CASP)},
  pages={175--179},
  year={2016},
  organization={IEEE}
}
@article{art7,
  title={Detection of unhealthy region of plant leaves and classification of plant leaf diseases using texture features},
  author={Arivazhagan, Sai and Shebiah, R Newlin and Ananthi, S and Varthini, S Vishnu},
  journal={Agricultural Engineering International: CIGR Journal},
  volume={15},
  number={1},
  pages={211--217},
  year={2013}
}
@inproceedings{art8,
  title={Plant disease detection using machine learning},
  author={Ramesh, Shima and Hebbar, Ramachandra and Niveditha, M and Pooja, R and Shashank, N and Vinod, PV and others},
  booktitle={2018 International conference on design innovations for 3Cs compute communicate control (ICDI3C)},
  pages={41--45},
  year={2018},
  organization={IEEE}
}
@article{art9,
  title={Detection of maize disease using random forest classification algorithm},
  author={Chauhan, Ms Deepika and others},
  journal={Turkish Journal of Computer and Mathematics Education (TURCOMAT)},
  volume={12},
  number={9},
  pages={715--720},
  year={2021}
}
@article{art10,
  title={Logistic regression modeling of prevalence of soybean Sclerotinia stem rot in the north-central region of the United States},
  author={Mila, AL and Carriquiry, AL and Yang, XB},
  journal={Phytopathology},
  volume={94},
  number={1},
  pages={102--110},
  year={2004},
  publisher={Am Phytopath Society}
}
@inproceedings{art11,
  title={Potato leaf diseases detection using deep learning},
  author={Tiwari, Divyansh and Ashish, Mritunjay and Gangwar, Nitish and Sharma, Abhishek and Patel, Suhanshu and Bhardwaj, Suyash},
  booktitle={2020 4th International Conference on Intelligent Computing and Control Systems (ICICCS)},
  pages={461--466},
  year={2020},
  organization={IEEE}
}
@article{art12,
  title={Deep learning for image-based cassava disease detection},
  author={Ramcharan, Amanda and Baranowski, Kelsee and McCloskey, Peter and Ahmed, Babuali and Legg, James and Hughes, David P},
  journal={Frontiers in plant science},
  volume={8},
  pages={1852},
  year={2017},
  publisher={Frontiers}
}

@inproceedings{art13,
  title={Detection and classification of groundnut leaf diseases using KNN classifier},
  author={Vaishnnave, MP and Devi, K Suganya and Srinivasan, P and Jothi, G Arut Perum},
  booktitle={2019 IEEE International Conference on System, Computation, Automation and Networking (ICSCAN)},
  pages={1--5},
  year={2019},
  organization={IEEE}
}
@misc{leg,
  title={Machine learning},
  author={Mitchell, Tom M and others},
  year={1997},
  publisher={McGraw-hill New York}
}
@inproceedings{art15,
  title={Leaf Disease Detection and Classification by Decision Tree},
  author={Rajesh, B and Vardhan, M Vishnu Sai and Sujihelen, L},
  booktitle={2020 4th International Conference on Trends in Electronics and Informatics (ICOEI)(48184)},
  pages={705--708},
  year={2020},
  organization={IEEE}
}
@inproceedings{art16,
  title={Rice leaf disease detection using machine learning techniques},
  author={Ahmed, Kawcher and Shahidi, Tasmia Rahman and Alam, Syed Md Irfanul and Momen, Sifat},
  booktitle={2019 International Conference on Sustainable Technologies for Industry 4.0 (STI)},
  pages={1--5},
  year={2019},
  organization={IEEE}
}
@inproceedings{art17,
  title={An empirical study of the naive Bayes classifier},
  author={Rish, Irina and others},
  booktitle={IJCAI 2001 workshop on empirical methods in artificial intelligence},
  volume={3},
  number={22},
  pages={41--46},
  year={2001}
}

@inproceedings{art18,
  title={Leaf Disease Detection and Classification by Decision Tree},
  author={Rajesh, B and Vardhan, M Vishnu Sai and Sujihelen, L},
  booktitle={2020 4th International Conference on Trends in Electronics and Informatics (ICOEI)(48184)},
  pages={705--708},
  year={2020},
  organization={IEEE}
}

@incollection{art19,
  title={Maize leaf disease detection and classification using machine learning algorithms},
  author={Panigrahi, Kshyanaprava Panda and Das, Himansu and Sahoo, Abhaya Kumar and Moharana, Suresh Chandra},
  booktitle={Progress in Computing, Analytics and Networking},
  pages={659--669},
  year={2020},
  publisher={Springer}
}

@article{art20,
  title={Deep feedforward networks},
  author={Goodfellow, Ian and Bengio, Yoshua and Courville, Aaron},
  journal={Deep learning},
  number={1},
  year={2016},
  publisher={MIT press Cambridge, MA, USA}
}
@article{art21,
  title={Backpropagation: The basic theory},
  author={Rumelhart, David E and Durbin, Richard and Golden, Richard and Chauvin, Yves},
  journal={Backpropagation: Theory, architectures and applications},
  pages={1--34},
  year={1995},
  publisher={Lawrence Erlbaum Hillsdale, NJ, USA}
}



@misc{c1,
  author       = "Geoffrey Hinton",
  title        = "Neural Networks for Machine Learning ",
  howpublished = "University of Toronto
via Coursera https://www.classcentral.com/course/coursera-neural-networks-formachine-
learning-398
"
}

@misc{c2,
  author       = "Andrew NG",
  title        = "Machine learning course in coursera",
  howpublished = "https://www.coursera.org/learn/machinelearning"
}

@article{art22,
  title={Adam: A method for stochastic optimization},
  author={Kingma, Diederik P and Ba, Jimmy},
  journal={arXiv preprint arXiv:1412.6980},
  year={2014}
}

@article{art23,
  title={Dropout: a simple way to prevent neural networks from overfitting},
  author={Srivastava, Nitish and Hinton, Geoffrey and Krizhevsky, Alex and Sutskever, Ilya and Salakhutdinov, Ruslan},
  journal={The journal of machine learning research},
  volume={15},
  number={1},
  pages={1929--1958},
  year={2014},
  publisher={JMLR. org}
}

@inproceedings{art24,
  title={Batch normalization: Accelerating deep network training by reducing internal covariate shift},
  author={Ioffe, Sergey and Szegedy, Christian},
  booktitle={International conference on machine learning},
  pages={448--456},
  year={2015},
  organization={PMLR}
}

@incollection{art25,
  title={Early stopping-but when?},
  author={Prechelt, Lutz},
  booktitle={Neural Networks: Tricks of the trade},
  pages={55--69},
  year={1998},
  publisher={Springer}
}
@article{art26,
  title={Gradient-based learning applied to document recognition},
  author={LeCun, Yann and Bottou, L{\'e}on and Bengio, Yoshua and Haffner, Patrick},
  journal={Proceedings of the IEEE},
  volume={86},
  number={11},
  pages={2278--2324},
  year={1998},
  publisher={Ieee}
}
@inproceedings{art27,
  title={Evaluation of pooling operations in convolutional architectures for object recognition},
  author={Scherer, Dominik and M{\"u}ller, Andreas and Behnke, Sven},
  booktitle={International conference on artificial neural networks},
  pages={92--101},
  year={2010},
  organization={Springer}
}

@inproceedings{art28,
  title={W., dong, r. socher, l},
  author={Deng, Jia},
  booktitle={J., Li,, K., Li,, and, L., Fei, Fei., Imagenet:, A large-scale, hierarchical, image, database., In, IEEE, Conference, on Computer, Vision, and Pattern, Recogni, tion,(CVPR),, pages},
  pages={248--255},
  year={2009}
}

@article{art29,
  title={Imagenet classification with deep convolutional neural networks},
  author={Krizhevsky, Alex and Sutskever, Ilya and Hinton, Geoffrey E},
  journal={Advances in neural information processing systems},
  volume={25},
  year={2012}
}

@article{art30,
  title={Very deep convolutional networks for large-scale image recognition},
  author={Simonyan, Karen and Zisserman, Andrew},
  journal={arXiv preprint arXiv:1409.1556},
  year={2014}
}


@article{art31,
  title={Imagenet large scale visual recognition challenge},
  author={Russakovsky, Olga and Deng, Jia and Su, Hao and Krause, Jonathan and Satheesh, Sanjeev and Ma, Sean and Huang, Zhiheng and Karpathy, Andrej and Khosla, Aditya and Bernstein, Michael and others},
  journal={International journal of computer vision},
  volume={115},
  number={3},
  pages={211--252},
  year={2015},
  publisher={Springer}
}
@inproceedings{art32,
  title={Deep residual learning for image recognition},
  author={He, Kaiming and Zhang, Xiangyu and Ren, Shaoqing and Sun, Jian},
  booktitle={Proceedings of the IEEE conference on computer vision and pattern recognition},
  pages={770--778},
  year={2016}
}

@inproceedings{art33,
  title={Plant leaf disease detection and classification based on CNN with LVQ algorithm},
  author={Sardogan, Melike and Tuncer, Adem and Ozen, Yunus},
  booktitle={2018 3rd International Conference on Computer Science and Engineering (UBMK)},
  pages={382--385},
  year={2018},
  organization={IEEE}
}


@article{art34,
  title={Using deep learning for image-based plant disease detection},
  author={Mohanty, Sharada P and Hughes, David P and Salath{\'e}, Marcel},
  journal={Frontiers in plant science},
  volume={7},
  pages={1419},
  year={2016},
  publisher={frontiers}
}

@article{art35,
  title={Using deep transfer learning for image-based plant disease identification},
  author={Chen, Junde and Chen, Jinxiu and Zhang, Defu and Sun, Yuandong and Nanehkaran, Yaser Ahangari},
  journal={Computers and Electronics in Agriculture},
  volume={173},
  pages={105393},
  year={2020},
  publisher={Elsevier}
}

@article{art36,
  title={Identification of apple leaf diseases based on deep convolutional neural networks},
  author={Liu, Bin and Zhang, Yun and He, DongJian and Li, Yuxiang},
  journal={Symmetry},
  volume={10},
  number={1},
  pages={11},
  year={2017},
  publisher={MDPI}
}

@article{art37,
  title={Deep learning for tomato diseases: classification and symptoms visualization},
  author={Brahimi, Mohammed and Boukhalfa, Kamel and Moussaoui, Abdelouahab},
  journal={Applied Artificial Intelligence},
  volume={31},
  number={4},
  pages={299--315},
  year={2017},
  publisher={Taylor \& Francis}
}

@article{art38,
    AUTHOR = {Zhao, Liquan and Li, Shuaiyang},
    TITLE = {Object Detection Algorithm Based on Improved YOLOv3},
    JOURNAL = {Electronics},
    VOLUME = {9},
    YEAR = {2020},
    NUMBER = {3},
    ARTICLE-NUMBER = {537},
    URL = {https://www.mdpi.com/2079-9292/9/3/537},
    ISSN = {2079-9292}
}

@Inbook{inbook1,
    author="Amit Yali and Felzenszwalb Pedro and Girshick Ross",
    title="Object Detection",
    bookTitle="Computer Vision: A Reference Guide",
    year="2020",
    publisher="Springer International Publishing",
    address="Cham",
    pages="1--9",
    isbn="978-3-030-03243-2",
    doi="10.1007/978-3-030-03243-2_660-1",
    url="https://doi.org/10.1007/978-3-030-03243-2_660-1"
}


@misc{w1,
	author = {},
	title = {{T}omato leaf disease detection --- kaggle.com},
	howpublished = {\url{https://www.kaggle.com/datasets/kaustubhb999/tomatoleaf?fbclid=IwAR1W8JQgkE1Gdi_kj_hzY7MQaigdmqFP5L-WkFGQMR9PcUuZYuPzi5bC4e4}},
	year = {},
	note = {[Accessed 21-Jun-2022]},
}
@misc{w2,
	author = {Futura},
	title = {{F}utura, {E}xplorer le monde --- futura-sciences.com},
	howpublished = {\url{https://www.futura-sciences.com/}},
	year = {},
	note = {[Accessed 08-Jun-2022]},
}

@misc{w3,
	author = {},
	title = {{T}ensor{F}low --- tensorflow.org},
	howpublished = {\url{https://www.tensorflow.org/}},
	year = {},
	note = {[Accessed 11-Jun-2022]},
}
@misc{w4,
	author = {Keras Team},
	title = {{K}eras documentation: {A}bout {K}eras --- keras.io},
	howpublished = {\url{https://keras.io/about/}},
	year = {},
	note = {[Accessed 11-Jun-2022]},
}

@misc{w5,
	author = {},
	title = {{M}atplotlib &#x2014; {V}isualization with {P}ython --- matplotlib.org},
	howpublished = {\url{https://matplotlib.org/}},
	year = {},
	note = {[Accessed 11-Jun-2022]},
}

@misc{w6,
	author = {},
	title = {{G}oogle {C}olab {T}utorial --- tutorialspoint.com},
	howpublished = {\url{https://www.tutorialspoint.com/google_colab/}},
	year = {},
	note = {[Accessed 12-Jun-2022]},
}

@article{art39,
  title={Deep convolutional neural networks for image classification: A comprehensive review},
  author={Rawat, Waseem and Wang, Zenghui},
  journal={Neural computation},
  volume={29},
  number={9},
  pages={2352--2449},
  year={2017},
  publisher={MIT Press}
}

@article{art40,
  author    = {Mark Sandler and
               Andrew G. Howard and
               Menglong Zhu and
               Andrey Zhmoginov and
               Liang{-}Chieh Chen},
  title     = {Inverted Residuals and Linear Bottlenecks: Mobile Networks for Classification,
               Detection and Segmentation},
  journal   = {CoRR},
  volume    = {abs/1801.04381},
  year      = {2018},
  url       = {http://arxiv.org/abs/1801.04381},
  eprinttype = {arXiv},
  eprint    = {1801.04381},
  timestamp = {Tue, 12 Jan 2021 15:30:06 +0100},
  biburl    = {https://dblp.org/rec/journals/corr/abs-1801-04381.bib},
  bibsource = {dblp computer science bibliography, https://dblp.org}
}


@article{art41,
  title={Fundus image classification using VGG-19 architecture with PCA and SVD},
  author={Mateen, Muhammad and Wen, Junhao and Song, Sun and Huang, Zhouping},
  journal={Symmetry},
  volume={11},
  number={1},
  pages={1},
  year={2018},
  publisher={MDPI}
}

@inproceedings{art42,
  title={Xception: Deep learning with depthwise separable convolutions},
  author={Chollet, Fran{\c{c}}ois},
  booktitle={Proceedings of the IEEE conference on computer vision and pattern recognition},
  pages={1251--1258},
  year={2017}
}

@misc{w7,
	author = {https://www.google.com/MachineLearningMastery/},
	title = {{W}hat is a {C}onfusion {M}atrix in {M}achine {L}earning - {M}achine {L}earning {M}astery --- machinelearningmastery.com},
	howpublished = {\url{https://machinelearningmastery.com/confusion-matrix-machine-learning/}},
	year = {},
	note = {[Accessed 21-Jun-2022]},
}
@misc{w8,
	author = {Ishan Chawla},
	title = {{G}oogle {C}olab vs {G}oogle {C}olab {P}ro on {M}ultidimensional {T}{F}{T} {A}rchitectures --- {I}shankc},
	howpublished = {\url{https://medium.com/@Ishankc/google-colab-vs-google-colab-pro-on-multidimensional-tft-architectures-1ad1532e3f89}},
	year = {},
	note = {[Accessed 21-Jun-2022]},
}
@article{art43,
  author    = {Mingxing Tan and
               Quoc V. Le},
  title     = {EfficientNet: Rethinking Model Scaling for Convolutional Neural Networks},
  journal   = {CoRR},
  volume    = {abs/1905.11946},
  year      = {2019},
  url       = {http://arxiv.org/abs/1905.11946},
  eprinttype = {arXiv},
  eprint    = {1905.11946},
  timestamp = {Mon, 03 Jun 2019 13:42:33 +0200},
  biburl    = {https://dblp.org/rec/journals/corr/abs-1905-11946.bib},
  bibsource = {dblp computer science bibliography, https://dblp.org}
}
@misc{w9,
	howpublished = {\url{http://www.scikitlearn. org}},
	year = {},
	note = {[Accessed 21-Jun-2022]},
}
@article{art44,
  author    = {Sanghyun Woo and
               Jongchan Park and
               Joon{-}Young Lee and
               In So Kweon},
  title     = {{CBAM:} Convolutional Block Attention Module},
  journal   = {CoRR},
  volume    = {abs/1807.06521},
  year      = {2018},
  url       = {http://arxiv.org/abs/1807.06521},
  eprinttype = {arXiv},
  eprint    = {1807.06521},
  timestamp = {Mon, 13 Aug 2018 16:48:20 +0200},
  biburl    = {https://dblp.org/rec/journals/corr/abs-1807-06521.bib},
  bibsource = {dblp computer science bibliography, https://dblp.org}
}

@inproceedings{art45,
  title={Grad-cam: Visual explanations from deep networks via gradient-based localization},
  author={Selvaraju, Ramprasaath R and Cogswell, Michael and Das, Abhishek and Vedantam, Ramakrishna and Parikh, Devi and Batra, Dhruv},
  booktitle={Proceedings of the IEEE international conference on computer vision},
  pages={618--626},
  year={2017}
}
@article{art46,
  author    = {Alexey Dosovitskiy and
               Lucas Beyer and
               Alexander Kolesnikov and
               Dirk Weissenborn and
               Xiaohua Zhai and
               Thomas Unterthiner and
               Mostafa Dehghani and
               Matthias Minderer and
               Georg Heigold and
               Sylvain Gelly and
               Jakob Uszkoreit and
               Neil Houlsby},
  title     = {An Image is Worth 16x16 Words: Transformers for Image Recognition
               at Scale},
  journal   = {CoRR},
  volume    = {abs/2010.11929},
  year      = {2020},
  url       = {https://arxiv.org/abs/2010.11929},
  eprinttype = {arXiv},
  eprint    = {2010.11929},
  timestamp = {Fri, 20 Nov 2020 14:04:05 +0100},
  biburl    = {https://dblp.org/rec/journals/corr/abs-2010-11929.bib},
  bibsource = {dblp computer science bibliography, https://dblp.org}
}

@misc{w10,
	author = {},
	title = {{V}ision {T}ransformers ({V}i{T}) in {I}mage {R}ecognition - 2022 {G}uide - viso.ai --- viso.ai},
	howpublished = {\url{https://viso.ai/deep-learning/vision-transformer-vit/}},
	year = {},
	note = {[Accessed 23-Jun-2022]},
}
@misc{w11,
	author = {},
	title = {{H}ugging {F}ace â€“ {T}he {A}{I} community building the future. --- huggingface.co},
	howpublished = {\url{https://huggingface.co/}},
	year = {},
	note = {[Accessed 24-Jun-2022]},
}

@misc{w12,
	author = {},
	title = {{R}oboflow: {G}ive your software the power to see objects in images and video --- roboflow.com},
	howpublished = {\url{https://roboflow.com/}},
	year = {},
	note = {[Accessed 24-Jun-2022]},
}

@article{art47,
  author    = {Gao Huang and
               Zhuang Liu and
               Kilian Q. Weinberger},
  title     = {Densely Connected Convolutional Networks},
  journal   = {CoRR},
  volume    = {abs/1608.06993},
  year      = {2016},
  url       = {http://arxiv.org/abs/1608.06993},
  eprinttype = {arXiv},
  eprint    = {1608.06993},
  timestamp = {Mon, 10 Sep 2018 15:49:32 +0200},
  biburl    = {https://dblp.org/rec/journals/corr/HuangLW16a.bib},
  bibsource = {dblp computer science bibliography, https://dblp.org}
}